<record><leader>00000cas a2200000 a 4500</leader><controlfield tag="001">18073192</controlfield><controlfield tag="008">880610d19541958wauwr ne      0    0eng d</controlfield><datafield ind1=" " ind2=" " tag="010"><subfield code="a">sn 88085645 </subfield></datafield><datafield ind1=" " ind2=" " tag="040"><subfield code="a">SLZ</subfield><subfield code="b">eng</subfield><subfield code="c">SLZ</subfield><subfield code="d">OCL</subfield><subfield code="d">OCLCQ</subfield><subfield code="d">OCLCF</subfield><subfield code="d">OCLCO</subfield></datafield><datafield ind1=" " ind2=" " tag="042"><subfield code="a">msc</subfield></datafield><datafield ind1=" " ind2=" " tag="043"><subfield code="a">n-us-wa</subfield></datafield><datafield ind1="0" ind2=" " tag="130"><subfield code="a">Sun (Naches, Wash.)</subfield></datafield><datafield ind1="1" ind2="4" tag="245"><subfield code="a">The sun.</subfield></datafield><datafield ind1="3" ind2="0" tag="246"><subfield code="a">Upper Yakima valley sun</subfield></datafield><datafield ind1=" " ind2=" " tag="260"><subfield code="a">Naches, Wash. :</subfield><subfield code="b">Consolidated Press.</subfield></datafield><datafield ind1=" " ind2=" " tag="300"><subfield code="a">v.</subfield></datafield><datafield ind1=" " ind2=" " tag="310"><subfield code="a">Weekly</subfield></datafield><datafield ind1="1" ind2=" " tag="362"><subfield code="a">Began in 1954; ceased in 1958.</subfield></datafield><datafield ind1=" " ind2=" " tag="500"><subfield code="a">Published as: The upper Yakima valley sun, Oct. 14, 1954-Aug. 9, 1956.</subfield></datafield><datafield ind1=" " ind2=" " tag="588"><subfield code="a">Description based on: Vol. 1, no. 2 (Oct. 7, 1954).</subfield></datafield><datafield ind1=" " ind2="0" tag="651"><subfield code="a">Yakima (Wash.)</subfield><subfield code="v">Periodicals.</subfield></datafield><datafield ind1=" " ind2="7" tag="655"><subfield code="a">Periodicals.</subfield><subfield code="2">fast</subfield><subfield code="0">(OCoLC)fst01411641</subfield></datafield><datafield ind1=" " ind2="7" tag="651"><subfield code="a">Washington (State)</subfield><subfield code="z">Yakima.</subfield><subfield code="2">fast</subfield><subfield code="0">(OCoLC)fst01205471</subfield></datafield><datafield ind1=" " ind2=" " tag="752"><subfield code="a">United States</subfield><subfield code="b">Washington</subfield><subfield code="c">Yakima</subfield><subfield code="d">Naches.</subfield></datafield><datafield ind1="0" ind2="0" tag="780"><subfield code="t">Upper Valley review</subfield><subfield code="w">(DLC)sn 88085647</subfield></datafield><datafield ind1="0" ind2="0" tag="785"><subfield code="t">Yakima Valley news</subfield><subfield code="w">(DLC)sn 88085646</subfield></datafield></record>